@Article{aalund2019encapsulated,
  title={Encapsulated high order difference operators on curvilinear non-conforming grids},
  author={{\AA}lund, Oskar and Nordstr{\"o}m, Jan},
  journal={Journal of Computational Physics},
 olume={385},
  pages={209--224},
  year={2019},
  publisher={Elsevier}
}

@Article{chorin1968numerical,
  title={Numerical solution of the {N}avier-{S}tokes equations},
  author={Chorin, Alexandre Joel},
  journal={Mathematics of computation},
  volume={22},
  number={104},
  pages={745--762},
  year={1968}
}

@Article{chorin1969convergence,
  title={On the convergence of discrete approximations to the {N}avier-{S}tokes equations},
  author={Chorin, Alexandre Joel},
  journal={Mathematics of computation},
  volume={23},
  number={106},
  pages={341--353},
  year={1969}
}
@Article{kim1985application,
  title={Application of a fractional-step method to incompressible {N}avier-{S}tokes equations},
  author={Kim, John and Moin, Parviz},
  journal={Journal of computational physics},
  volume={59},
  number={2},
  pages={308--323},
  year={1985},
  publisher={Elsevier}
}

@inproceedings{jameson1991time,
  title={Time dependent calculations using multigrid, with applications to unsteady flows past airfoils and wings},
  author={Jameson, Antony},
  booktitle={10th Computational Fluid Dynamics Conference},
  pages={1596},
  year={1991}
}

@book{nocedal2006numerical,
  title={Numerical optimization},
  author={Nocedal, Jorge and Wright, Stephen},
  year={2006},
  publisher={Springer Science \& Business Media}
}

@Article{nordstrom2019energy,
  title={Energy stable boundary conditions for the nonlinear incompressible {N}avier--{S}tokes equations},
  author={Nordstr{\"o}m, Jan and La Cognata, Cristina},
  journal={Mathematics of Computation},
  volume={88},
  number={316},
  pages={665--690},
  year={2019}
}

@Article{nordstrom2007boundary,
  title={Boundary conditions for a divergence free velocity--pressure formulation of the {N}avier--{S}tokes equations},
  author={Nordstr{\"o}m, Jan and Mattsson, Ken and Swanson, Charles},
  journal={Journal of Computational Physics},
  volume={225},
  number={1},
  pages={874--890},
  year={2007},
  publisher={Elsevier}
}

@book{quarteroni2010numerical,
  title={Numerical mathematics},
  author={Quarteroni, Alfio and Sacco, Riccardo and Saleri, Fausto},
  volume={37},
  year={2010},
  publisher={Springer Science \& Business Media}
}

@Article{kampanis2006staggered,
  title={A staggered grid, high-order accurate method for the incompressible {N}avier--{S}tokes equations},
  author={Kampanis, Nikolaos A and Ekaterinaris, John A},
  journal={Journal of Computational Physics},
  volume={215},
  number={2},
  pages={589--613},
  year={2006},
  publisher={Elsevier}
}

@Article{fernandez2014review,
  title={Review of summation-by-parts operators with simultaneous approximation terms for the numerical solution of partial differential equations},
  author={Fern{\'a}ndez, David C Del Rey and Hicken, Jason E and Zingg, David W},
  journal={Computers \& Fluids},
  volume={95},
  pages={171--196},
  year={2014},
  publisher={Elsevier}
}

@Article{svard2014review,
  title={Review of summation-by-parts schemes for initial--boundary-value problems},
  author={Sv{\"a}rd, Magnus and Nordstr{\"o}m, Jan},
  journal={Journal of Computational Physics},
  volume={268},
  pages={17--38},
  year={2014},
  publisher={Elsevier}
}

@Article{strand1994summation,
  title={Summation by parts for finite difference approximations for d/dx},
  author={Strand, Bo},
  journal={Journal of Computational Physics},
  volume={110},
  number={1},
  pages={47--67},
  year={1994},
  publisher={Elsevier}
}

@Article{carpenter1994time,
  title={Time-stable boundary conditions for finite-difference schemes solving hyperbolic systems: methodology and application to high-order compact schemes},
  author={Carpenter, Mark H and Gottlieb, David and Abarbanel, Saul},
  journal={Journal of Computational Physics},
  volume={111},
  number={2},
  pages={220--236},
  year={1994},
  publisher={Elsevier}
}

@Article{papoutsis2019multi,
  title={Multi-point aerodynamic shape optimization of cars based on continuous adjoint},
  author={Papoutsis-Kiachagias, EM and Asouti, VG and Giannakoglou, KC and Gkagkas, K and Shimokawa, S and Itakura, E},
  journal={Structural and Multidisciplinary Optimization},
  volume={59},
  number={2},
  pages={675--694},
  year={2019},
  publisher={Springer}
}

@Article{constantin2019large,
  title={Large-scale oceanic currents as shallow-water asymptotic solutions of the Navier-Stokes equation in rotating spherical coordinates},
  author={Constantin, A and Johnson, RS},
  journal={Deep Sea Research Part II: Topical Studies in Oceanography},
  volume={160},
  pages={32--40},
  year={2019},
  publisher={Elsevier}
}

@Article{nordstrom2019dual,
  title={Dual Time-Stepping Using Second Derivatives},
  author={Nordstr{\"o}m, Jan and Ruggiu, Andrea A},
  journal={Journal of Scientific Computing},
  volume={81},
  number={2},
  pages={1050--1071},
  year={2019},
  publisher={Springer}
}

@Article{papanastasiou1992new,
  title={A new outflow boundary condition},
  author={Papanastasiou, Tasos C and Malamataris, Nikos and Ellwood, Kevin},
  journal={International journal for numerical methods in fluids},
  volume={14},
  number={5},
  pages={587--608},
  year={1992},
  publisher={Wiley Online Library}
}

@article{kovasznay1948laminar,
  title={Laminar flow behind a two-dimensional grid},
  author={Kovasznay, LIG},
  journal={Mathematical Proceedings of the Cambridge Philosophical Society},
  volume={44},
  number={1},
  pages={58--62},
  year={1948},
  organization={Cambridge University Press}
}

@Article{knoll2004jacobian,
  title={Jacobian-free {N}ewton--{K}rylov methods: a survey of approaches and applications},
  author={Knoll, Dana A and Keyes, David E},
  journal={Journal of Computational Physics},
  volume={193},
  number={2},
  pages={357--397},
  year={2004},
  publisher={Elsevier}
}

@Article{brown1990hybrid,
  title={Hybrid Krylov methods for nonlinear systems of equations},
  author={Brown, Peter N and Saad, Youcef},
  journal={SIAM Journal on Scientific and Statistical Computing},
  volume={11},
  number={3},
  pages={450--481},
  year={1990},
  publisher={SIAM}
}

@Article{chan2020explicit,
  title={Explicit {J}acobian matrix formulas for entropy stable summation-by-parts schemes},
  author={Chan, Jesse and Taylor, Christina},
  journal={arXiv preprint arXiv:2006.07504},
  year={2020}
}

@Article{svard2006order,
  title={On the order of accuracy for difference approximations of initial-boundary value problems},
  author={Sv{\"a}rd, Magnus and Nordstr{\"o}m, Jan},
  journal={Journal of Computational Physics},
  volume={218},
  number={1},
  pages={333--352},
  year={2006},
  publisher={Elsevier}
}

@Article{svard2019convergence,
  title={On the convergence rates of energy-stable finite-difference schemes},
  author={Sv{\"a}rd, Magnus and Nordstr{\"o}m, Jan},
  journal={Journal of Computational Physics},
  volume={397},
  pages={108819},
  year={2019},
  publisher={Elsevier}
}

@Article{nordstrom2017roadmap,
  title={A roadmap to well posed and stable problems in computational physics},
  author={Nordstr{\"o}m, Jan},
  journal={Journal of Scientific Computing},
  volume={71},
  number={1},
  pages={365--385},
  year={2017},
  publisher={Springer}
}

@Article{roache2002code,
  title={Code verification by the method of manufactured solutions},
  author={Roache, Patrick J},
  journal={J. Fluids Eng.},
  volume={124},
  number={1},
  pages={4--10},
  year={2002}
}

@manual{bumpgrid,
  title  = "VI2 Smooth Gaussian bump",
  author = "Cenaero",
  note    = "https://how5.cenaero.be/content/vi2-smooth-gaussian-bump",
  year   = "2020 (accessed December 9, 2020)"
}

@Book{GoVa13,
  author =	 {Golub, Gene H. and Van Loan, Charles F.},
  title =	 {Matrix Computations},
  publisher =	 {The Johns Hopkins University Press},
  address =	 {Baltimore},
  year =	 2013,
  edition =	 {4th}
}
